@article{schlemmer2009metaverse,
	title={The metaverse: Telepresence in 3D avatar-driven digital-virtual worlds},
	author={Schlemmer, Eliane and Trein, Daiana and Oliveira, Cristoffer},
	journal={@ tic. revista d'innovaci{\'o} educativa},
	number={2},
	pages={26--32},
	year={2009},
	publisher={Universitat de Val{\`e}ncia}
}

@article{nieto2022introduccion,
	title={Una introducci{\'o}n al metaverso: conceptualizaci{\'o}n y alcance de un nuevo universo online},
	author={Nieto, Javier Acevedo},
	journal={adComunica},
	pages={41--56},
	year={2022}
}

@article{dalgarno2010learning,
	title={What are the learning affordances of 3-D virtual environments?},
	author={Dalgarno, Barney and Lee, Mark JW},
	journal={British journal of educational technology},
	volume={41},
	number={1},
	pages={10--32},
	year={2010},
	publisher={Wiley Online Library}
}

@article{yee2007proteus,
	title={The Proteus effect: The effect of transformed self-representation on behavior},
	author={Yee, Nick and Bailenson, Jeremy},
	journal={Human communication research},
	volume={33},
	number={3},
	pages={271--290},
	year={2007},
	publisher={Oxford University Press Oxford, UK}
}

@article{slater2020ethics,
	title={The ethics of realism in virtual and augmented reality},
	author={Slater, Mel and Gonzalez-Liencres, Cristina and Haggard, Patrick and Vinkers, Charlotte and Gregory-Clarke, Rebecca and Jelley, Steve and Watson, Zillah and Breen, Graham and Schwarz, Raz and Steptoe, William and others},
	journal={Frontiers in Virtual Reality},
	volume={1},
	pages={1},
	year={2020},
	publisher={Frontiers}
}

@article{christopoulos2021arlean,
	title={ARLEAN: An augmented reality learning analytics ethical framework},
	author={Christopoulos, Athanasios and Mystakidis, Stylianos and Pellas, Nikolaos and Laakso, Mikko-Jussi},
	journal={Computers},
	volume={10},
	number={8},
	pages={92},
	year={2021},
	publisher={MDPI}
}

@article{heller2020watching,
	title={Watching androids dream of electric sheep: immersive technology, biometric psychography, and the law},
	author={Heller, Brittan},
	journal={Vand. J. Ent. \& Tech. L.},
	volume={23},
	pages={1},
	year={2020},
	publisher={HeinOnline}
}

@article{gonzalez2022metaverso,
	title={El metaverso aplicado a la publicidad. Un recorrido por decentraland},
	author={Gonz{\'a}lez Mart{\'\i}nez, Alba and others},
	year={2022}
}

@article{apple-2023,
	author = {Apple},
	month = {10},
	title = {{Presentamos Apple Vision Pro: la primera computadora espacial de Apple}},
	year = {2023},
	url = {https://www.apple.com/la/newsroom/2023/06/introducing-apple-vision-pro/},
}

@article{martinez2022metaverso,
	title={El metaverso como herramienta en los eventos corporativos internacionales},
	author={Mart{\'\i}nez Cabrera, Ana and others},
	year={2022}
}


@article{roberts2023ar,
	title={The AR/VR Technology Stack: A Central Repository of Software Development Libraries, Platforms, and Tools},
	author={Roberts, Jasmine},
	journal={arXiv preprint arXiv:2305.07842},
	year={2023}
}

@misc{fib-realidadvirtual,
	title = {Realidad virtual},
	author={FIB},
	url = {https://www.fib.upc.edu/retro-informatica/avui/realitatvirtual.html},
	year={2023}
}

@article{ortega2022realidad,
	title={De la realidad extendida al metaverso: una reflexi{\'o}n cr{\'\i}tica sobre las aportaciones a la educaci{\'o}n= from extended reality to the metaverse: a critical reflection on contributions to education},
	author={Ortega-Rodr{\'\i}guez, Pablo Javier},
	journal={De la realidad extendida al metaverso: una reflexi{\'o}n cr{\'\i}tica sobre las aportaciones a la educaci{\'o}n= from extended reality to the metaverse: a critical reflection on contributions to education},
	pages={189--208},
	year={2022},
	publisher={Ediciones Universidad de Salamanca}
}

@misc{ceei-2022,
	month = {12},
	title = {{JavaScript: caracter sticas, beneficios y casos de uso - art Culo | CEEI Valencia | EmprenemJunts}},
	author={{CEEI Valencia}},
	year = {2022},
	url = {https://ceeivalencia.emprenemjunts.es/?op=8\&n=28660},
}

@misc{ibm-digitaltwin-2023,
	title = {{¿Qué es un gemelo digital? | IBM}},
	author={IBM},
	url = {https://www.ibm.com/es-es/topics/what-is-a-digital-twin},
	year={2023},
}

@misc{ontwins-2023,
	title = {{OnTwins}},
	author={OnTwins},
	url = {http://www.ontwins.com/},
	year={2023},
}

@misc{mozilla-websockets-2023,
	month = {2},
	title = {{WebSockets - referencia de la API Web | MDN}},
	author={MDN},
	year = {2023},
	url = {https://developer.mozilla.org/es/docs/Web/API/Websockets_API},
}

@misc{ibm-blockchain-2023,
	title = {{¿Qué es la tecnología blockchain? - IBM Blockchain | IBM}},
	author={IBM},
	url = {https://www.ibm.com/es-es/topics/blockchain},
	year={2023},
}

@article{wang2021non,
	title={Non-fungible token (NFT): Overview, evaluation, opportunities and challenges},
	author={Wang, Qin and Li, Rujia and Wang, Qi and Chen, Shiping},
	journal={arXiv preprint arXiv:2105.07447},
	year={2021}
}

@misc{iebs-business-school-2023,
	author = {IEBS Business School},
	title = {{Fintech \& Blockchain}},
	url = {https://www.iebschool.com/programas/master-blockchain-Metaverso-nfts/},
	year={2023},
}


